@article{fabmap2008,
    title={FAB-MAP: Probabilistic localization and mapping in the space of appearance},
    author={Cummins, Mark and Newman, Paul},
    journal={The International Journal of Robotics Research},
    volume={27},
    number={6},
    pages={647--665},
    year={2008},
    publisher={SAGE Publications}
}

@article{fabmap2011,
    title={Appearance-only SLAM at large scale with FAB-MAP 2.0},
    author={Cummins, Mark and Newman, Paul},
    journal={The International Journal of Robotics Research},
    volume={30},
    number={9},
    pages={1100--1123},
    year={2011},
    publisher={SAGE Publications}
}

@article{accelerating,
    title={Accelerating FAB-MAP with concentration inequalities},
    author={Cummins, Mark and Newman, Paul},
    journal={Robotics, IEEE Transactions on},
    volume={26},
    number={6},
    pages={1042--1050},
    year={2010},
    publisher={IEEE}
}

@inproceedings{openfabmap,
    title={OpenFABMAP: An open source toolbox for appearance-based loop closure detection},
    author={Glover, Arren and Maddern, William and Warren, Michael and Reid, Stephanie and Milford, Michael and Wyeth, Gordon},
    booktitle={Robotics and Automation (ICRA), 2012 IEEE International Conference on},
    pages={4730--4735},
    year={2012},
    organization={IEEE}
}

@inproceedings{fabmap3d,
    title={FAB-MAP 3D: Topological mapping with spatial and visual appearance},
    author={Paul, Rohan and Newman, Paul},
    booktitle={Robotics and Automation (ICRA), 2010 IEEE International Conference on},
    pages={2649--2656},
    year={2010},
    organization={IEEE}
}
